<record><leader>00000cas a22000007a 4500</leader><controlfield tag="001">20641771</controlfield><controlfield tag="008">891113c19879999moudn ne      0    0eng d</controlfield><datafield ind1=" " ind2=" " tag="010"><subfield code="a">sn 89067464 </subfield></datafield><datafield ind1=" " ind2=" " tag="040"><subfield code="a">MQN</subfield><subfield code="b">eng</subfield><subfield code="c">MQN</subfield><subfield code="d">OCLCQ</subfield></datafield><datafield ind1=" " ind2=" " tag="042"><subfield code="a">msc</subfield></datafield><datafield ind1="0" ind2="4" tag="245"><subfield code="a">The Daily Excelsior Springs standard.</subfield></datafield><datafield ind1=" " ind2=" " tag="260"><subfield code="a">Excelsior Springs, Mo. :</subfield><subfield code="b">James M. Watson,</subfield><subfield code="c">1987-</subfield></datafield><datafield ind1=" " ind2=" " tag="300"><subfield code="a">v.</subfield></datafield><datafield ind1=" " ind2=" " tag="310"><subfield code="a">Daily (except Sat. &amp; Sun.)</subfield></datafield><datafield ind1="0" ind2=" " tag="362"><subfield code="a">Vol. 99, no. 116 (June 15, 1987)-</subfield></datafield><datafield ind1=" " ind2=" " tag="752"><subfield code="a">United States</subfield><subfield code="b">Missouri</subfield><subfield code="c">Clay</subfield><subfield code="d">Excelsior Springs.</subfield></datafield><datafield ind1="0" ind2="0" tag="780"><subfield code="t">Daily standard (Excelsior Springs, Mo.)</subfield><subfield code="w">(DLC)sn 89067463</subfield></datafield></record>